% Encoding: UTF-8

@Article{MVCDesignPattern,
  author = {{javabeginners.de}},
  title  = {MVC Design Pattern},
  date   = {2019-03-07},
  file   = {:MVC Design Pattern.pdf:PDF},
}

@Comment{jabref-meta: databaseType:biblatex;}

% Encoding: UTF-8
