
@misc{p._niklaus_2-tore_2019,
	title = {2-{Tore}},
	author = {P. Niklaus},
	month = mar,
	year = {2019}
}