% Encoding: UTF-8

@Book{Bernstein2015,
  title     = {{NF- und HF-Messtechnik - Messen mit Oszilloskopen, Netzwerkanalysatoren und Spektrumanalysator}},
  publisher = {Springer-Verlag},
  year      = {2015},
  author    = {Bernstein, Herbert},
  address   = {Berlin Heidelberg New York},
  edition   = {1. Aufl.},
  isbn      = {978-3-658-07378-7},
}

@misc{MVCDesignPattern,
	title = {{MVC} {Design} {Pattern}},
	url = {https://javabeginners.de/Design_Patterns/Model-View-Controller.php},
	urldate = {2019-04-05},
	author = {{Jörg Czeschla} and {javabeginners.de}},
	month = mar,
	year = {2018},
	file = {Attachment:/Users/lukasvondaniken/Zotero/storage/BVRHT9HV/MVC Design Pattern.pdf:application/pdf}
}

@misc{apache,
	title = {Commons {Math}},
	url = {https://commons.apache.org/proper/commons-math/},
	urldate = {2019-04-05},
	author = {{The Apache Software Foundation}},
	month = aug,
	year = {2017}
}

@article{hftech,
	title = {Hochfrequenztechnik {Teil} 2 - {Anwendungen}},
	url = {http://wwwlehre.dhbw-stuttgart.de/ srupp/HF/Hochfrequenztechnik_T2ELN3001_Teil_2_SR.pdf},
	journal = {Duale Hochschule Baden-Württemberg},
	author = {{S. Rupp, A. Maier}},
	month = mar,
	year = {2019},
	file = {Attachment:/Users/lukasvondaniken/Zotero/storage/BA7Y8692/Hochfrequenztechnik_T2ELN3001_Teil_2_SR.pdf:application/pdf}
}

@Article{aufgabenstellung,
  author       = {{L. Dalessandro}},
  title        = {EMI-Filter},
  journal      = {Aufgabenstellung Projekt 2},
  date         = {2019-03-21},
  file         = {:Aufgabestellung Projekt DJ Filter LDa2019 DE (3).pdf:PDF},
  journaltitle = {Windisch: Hochschule für Technik der Fachhochschule Nordwestschweiz (FHNW)},
}

@Article{MVCBeispiel,
  author = {{Prof. Dr. Richard Gut}},
  title  = {MVC Pattern},
  year   = {2019},
}

@Online{jfreechart,
  author  = {{A. Viklund}},
  title   = {JfreeChart},
  year    = {2019},
  url     = {http://www.jfree.org/jfreechart},
  urldate = {2019-04-05},
}

@Comment{jabref-meta: databaseType:bibtex;}
